
@book{rudin,
	address = {New York},
	edition = {3rd edition},
	title = {Principles of {Mathematical} {Analysis}},
	isbn = {978-0-07-054235-8},
	language = {English},
	publisher = {McGraw-Hill Education},
	author = {Rudin, Walter},
	month = jan,
	year = {1976}
}

@book{hewitt,
	address = {New York},
	edition = {1st edition},
	title = {Real and {Abstract} {Analysis}},
	isbn = {978-0-387-90138-1},
	language = {English},
	publisher = {Springer},
	author = {Hewitt, Edwin and Stromberg, Karl},
	month = may,
	year = {1975}
}

@book{munkres,
	address = {Upper Saddle River, NJ},
	edition = {2 edition},
	title = {Topology},
	isbn = {978-0-13-181629-9},
	language = {English},
	publisher = {Pearson},
	author = {Munkres, James},
	month = jan,
	year = {2000}
}